@article{doi:10.1063/1.4907607,
author = {Takuya Higuchi and Lothar Maisenbacher and Andreas Liehl and Péter Dombi and Peter Hommelhoff},
title = {A nanoscale vacuum-tube diode triggered by few-cycle laser pulses},
journal = {Applied Physics Letters},
volume = {106},
number = {5},
pages = {051109},
year = {2015},
doi = {10.1063/1.4907607},
URL = {http://dx.doi.org/10.1063/1.4907607}
}


@article{doi:10.1063/1.4867185,
author = {Johannes Hoffrogge and Jan Paul Stein and Michael Krüger and Michael Förster and Jakob Hammer and Dominik Ehberger and Peter Baum and Peter Hommelhoff},
title = {Tip-based source of femtosecond electron pulses at 30 keV},
journal = {Journal of Applied Physics},
volume = {115},
number = {9},
pages = {094506},
year = {2014},
doi = {10.1063/1.4867185},
URL = {http://dx.doi.org/10.1063/1.4867185},
}


@article{doi:10.1063/1.2944267,
author = {Gilad Diamant and Erez Halahmi and Leeor Kronik and Jeff Levy and Ron Naaman and John Roulston},
title = {Integrated circuits based on nanoscale vacuum phototubes},
journal = {Applied Physics Letters},
volume = {92},
number = {26},
pages = {262903},
year = {2008},
doi = {10.1063/1.2944267},
URL = {http://dx.doi.org/10.1063/1.2944267}
}


@article{doi:10.1021/acs.nanolett.6b04363,
author = {Han, Jin-Woo and Moon, Dong-Il and Meyyappan, M.},
title = {Nanoscale Vacuum Channel Transistor},
journal = {Nano Letters},
volume = {17},
number = {4},
pages = {2146-2151},
year = {2017},
doi = {10.1021/acs.nanolett.6b04363},
URL = {http://dx.doi.org/10.1021/acs.nanolett.6b04363}   
}


@Article{Yoshioka2016,
author={Yoshioka, Katsumasa
and Katayama, Ikufumi
and Minami, Yasuo
and Kitajima, Masahiro
and Yoshida, Shoji
and Shigekawa, Hidemi
and Takeda, Jun},
title={Real-space coherent manipulation of electrons in a single tunnel junction by single-cycle terahertz electric fields},
journal={Nat Photon},
year={2016},
month={Dec},
publisher={Nature Publishing Group},
volume={10},
number={12},
pages={762-765},
issn={1749-4885},
url={http://dx.doi.org/10.1038/nphoton.2016.205}
}


@Article{Kruger2011,
author={Kruger, Michael
and Schenk, Markus
and Hommelhoff, Peter},
title={Attosecond control of electrons emitted from a nanoscale metal tip},
journal={Nature},
year={2011},
month={Jul},
day={07},
publisher={Nature Publishing Group, a division of Macmillan Publishers Limited. All Rights Reserved.},
volume={475},
number={7354},
pages={78-81},
issn={0028-0836},
doi={10.1038/nature10196},
url={http://dx.doi.org/10.1038/nature10196}
}


@Article{Jelic2017,
author={Jelic, Vedran
and Iwaszczuk, Krzysztof
and Nguyen, Peter H.
and Rathje, Christopher
and Hornig, Graham J.
and Sharum, Haille M.
and Hoffman, James R.
and Freeman, Mark R.
and Hegmann, Frank A.},
title={Ultrafast terahertz control of extreme tunnel currents through single atoms on a silicon surface},
journal={Nat Phys},
year={2017},
month={Jun},
publisher={Nature Publishing Group},
volume={13},
number={6},
pages={591-598},
issn={1745-2473},
url={http://dx.doi.org/10.1038/nphys4047}
}





@Article{Rybka2016,
author={Rybka, Tobias
and Ludwig, Markus
and Schmalz, Michael F.
and Knittel, Vanessa
and Brida, Daniele
and Leitenstorfer, Alfred},
title={Sub-cycle optical phase control of nanotunnelling in the single-electron regime},
journal={Nat Photon},
year={2016},
month={Oct},
publisher={Nature Publishing Group},
volume={10},
number={10},
pages={667-670},
issn={1749-4885},
url={http://dx.doi.org/10.1038/nphoton.2016.174}
}


@article{doi:10.1063/1.4974529,
author = {B. Ahn and J. Schötz and M. Kang and W. A. Okell and S. Mitra and B. Förg and S. Zherebtsov and F. Süßmann and C. Burger and M. Kübel and C. Liu and A. Wirth and E. Di Fabrizio and H. Yanagisawa and D. Kim and B. Kim and M. F. Kling},
title = {Attosecond-controlled photoemission from metal nanowire tips in the few-electron regime},
journal = {APL Photonics},
volume = {2},
number = {3},
pages = {036104},
year = {2017},
doi = {10.1063/1.4974529},
URL = {http://dx.doi.org/10.1063/1.4974529}
}


@Article{Schiffrin2013,
author={Schiffrin, Agustin
and Paasch-Colberg, Tim
and Karpowicz, Nicholas
and Apalkov, Vadym
and Gerster, Daniel
and Muhlbrandt, Sascha
and Korbman, Michael
and Reichert, Joachim
and Schultze, Martin
and Holzner, Simon
and Barth, Johannes V.
and Kienberger, Reinhard
and Ernstorfer, Ralph
and Yakovlev, Vladislav S.
and Stockman, Mark I.
and Krausz, Ferenc},
title={Optical-field-induced current in dielectrics},
journal={Nature},
year={2013},
month={Jan},
day={03},
publisher={Nature Publishing Group, a division of Macmillan Publishers Limited. All Rights Reserved.},
volume={493},
number={7430},
pages={70-74},
issn={0028-0836},
doi={10.1038/nature11567},
url={http://dx.doi.org/10.1038/nature11567}
}

%Review Article
@article{0034-4885-80-5-054401,
  author={M F Ciappina and J A Pérez-Hernández and A S Landsman and W A Okell and S Zherebtsov and B Förg and J Schötz and L Seiffert and T
Fennel and T Shaaran and T Zimmermann and A Chacón and R Guichard and A Zaïr and J W G Tisch and J P Marangos and T Witting and A
Braun and S A Maier and L Roso and M Krüger and P Hommelhoff and M F Kling and F Krausz and M Lewenstein},
  title={Attosecond physics at the nanoscale},
  journal={Reports on Progress in Physics},
  volume={80},
  number={5},
  pages={054401},
  url={http://stacks.iop.org/0034-4885/80/i=5/a=054401},
  year={2017},
}


@Article{Jeon2016,
author={Jeon, Seok-Gy
and Shin, Dongwon
and Hur, Min Sup},
title={Violation of the transit-time limit toward generation of ultrashort electron bunches with controlled velocity chirp},
journal={Scientific Reports},
year={2016},
month={Sep},
day={22},
publisher={The Author(s) SN  -},
volume={6},
pages={32567 EP  -},
url={http://dx.doi.org/10.1038/srep32567}
}


@Article{Savage2012,
author={Savage, Kevin J.
and Hawkeye, Matthew M.
and Esteban, Ruben
and Borisov, Andrei G.
and Aizpurua, Javier
and Baumberg, Jeremy J.},
title={Revealing the quantum regime in tunnelling plasmonics},
journal={Nature},
year={2012},
month={Nov},
day={22},
publisher={Nature Publishing Group, a division of Macmillan Publishers Limited. All Rights Reserved.},
volume={491},
number={7425},
pages={574-577},
issn={0028-0836},
doi={10.1038/nature11653},
url={http://dx.doi.org/10.1038/nature11653}
}


@article{PhysRevB.54.4484,
  title = {Time-dependent local-density approximation in real time},
  author = {Yabana, K. and Bertsch, G. F.},
  journal = {Phys. Rev. B},
  volume = {54},
  issue = {7},
  pages = {4484--4487},
  numpages = {0},
  year = {1996},
  month = {Aug},
  publisher = {American Physical Society},
  doi = {10.1103/PhysRevB.54.4484},
  url = {https://link.aps.org/doi/10.1103/PhysRevB.54.4484}
}


@article{PhysRevB.62.1699,
  title = {Slabs of stabilized jellium: Quantum-size and self-compression effects},
  author = {Sarria, I. and Henriques, C. and Fiolhais, C. and Pitarke, J. M.},
  journal = {Phys. Rev. B},
  volume = {62},
  issue = {3},
  pages = {1699--1705},
  numpages = {0},
  year = {2000},
  month = {Jul},
  publisher = {American Physical Society},
  doi = {10.1103/PhysRevB.62.1699},
  url = {https://link.aps.org/doi/10.1103/PhysRevB.62.1699}
}

@article{PhysRevLett.52.1925,
  title = {Dynamical Polarizability of Small Metal Particles: Self-Consistent Spherical Jellium Background Model},
  author = {Ekardt, W.},
  journal = {Phys. Rev. Lett.},
  volume = {52},
  issue = {21},
  pages = {1925--1928},
  numpages = {0},
  year = {1984},
  month = {May},
  publisher = {American Physical Society},
  doi = {10.1103/PhysRevLett.52.1925},
  url = {https://link.aps.org/doi/10.1103/PhysRevLett.52.1925}
}

@article{PhysRevB.31.6360,
  title = {Size-dependent photoabsorption and photoemission of small metal particles},
  author = {Ekardt, W.},
  journal = {Phys. Rev. B},
  volume = {31},
  issue = {10},
  pages = {6360--6370},
  numpages = {0},
  year = {1985},
  month = {May},
  publisher = {American Physical Society},
  doi = {10.1103/PhysRevB.31.6360},
  url = {https://link.aps.org/doi/10.1103/PhysRevB.31.6360}
}


@article{RevModPhys.65.677,
  title = {The physics of simple metal clusters: self-consistent jellium model and semiclassical approaches},
  author = {Brack, Matthias},
  journal = {Rev. Mod. Phys.},
  volume = {65},
  issue = {3},
  pages = {677--732},
  numpages = {0},
  year = {1993},
  month = {Jul},
  publisher = {American Physical Society},
  doi = {10.1103/RevModPhys.65.677},
  url = {https://link.aps.org/doi/10.1103/RevModPhys.65.677}
}


@article{doi:10.1021/nl803811g,
author = {Zuloaga, Jorge and Prodan, Emil and Nordlander, Peter},
title = {Quantum Description of the Plasmon Resonances of a Nanoparticle Dimer},
journal = {Nano Letters},
volume = {9},
number = {2},
pages = {887-891},
year = {2009},
doi = {10.1021/nl803811g},
URL = {http://dx.doi.org/10.1021/nl803811g},
}


@article{PhysRevA.51.1327,
  title = {Comparative study of exchange-correlation effects on the electronic and optical properties of alkali-metal clusters},
  author = {Madjet, M. and Guet, C. and Johnson, W. R.},
  journal = {Phys. Rev. A},
  volume = {51},
  issue = {2},
  pages = {1327--1339},
  numpages = {0},
  year = {1995},
  month = {Feb},
  publisher = {American Physical Society},
  doi = {10.1103/PhysRevA.51.1327},
  url = {https://link.aps.org/doi/10.1103/PhysRevA.51.1327}
}


@article{PhysRevLett.86.540,
  title = {Partitioned Real-Space Density Functional Calculations of Bielectrode Systems under Bias Voltage and Electric Field},
  author = {Nakaoka, N. and Tada, K. and Watanabe, S. and Fujita, H. and Watanabe, K.},
  journal = {Phys. Rev. Lett.},
  volume = {86},
  issue = {3},
  pages = {540--543},
  numpages = {0},
  year = {2001},
  month = {Jan},
  publisher = {American Physical Society},
  doi = {10.1103/PhysRevLett.86.540},
  url = {https://link.aps.org/doi/10.1103/PhysRevLett.86.540}
}

%antennas, near-field enhancement
@Article{Novotny2011,
author={Novotny, Lukas
and van Hulst, Niek},
title={Antennas for light},
journal={Nat Photon},
year={2011},
month={Feb},
publisher={Nature Publishing Group, a division of Macmillan Publishers Limited. All Rights Reserved.},
volume={5},
number={2},
pages={83-90},
issn={1749-4885},
doi={10.1038/nphoton.2010.237},
url={http://dx.doi.org/10.1038/nphoton.2010.237}
}

%phase
@article{doi:10.1080/09500340.2013.846432,
author = {M.R. Bionta and B. Chalopin and J.P. Champeaux and S. Faure and A. Masseboeuf and P. Moretto-Capelle and B. Chatel},
title = {Laser-induced electron emission from a tungsten nanotip: identifying above threshold photoemission using energy-resolved laser power dependencies},
journal = {Journal of Modern Optics},
volume = {61},
number = {10},
pages = {833-838},
year = {2014},
doi = {10.1080/09500340.2013.846432},
URL = {http://dx.doi.org/10.1080/09500340.2013.846432},
}

%phase
@Article{Kruger2011,
author={Kruger, Michael
and Schenk, Markus
and Hommelhoff, Peter},
title={Attosecond control of electrons emitted from a nanoscale metal tip},
journal={Nature},
year={2011},
month={Jul},
day={07},
publisher={Nature Publishing Group, a division of Macmillan Publishers Limited. All Rights Reserved.},
volume={475},
number={7354},
pages={78-81},
issn={0028-0836},
doi={10.1038/nature10196},
url={http://dx.doi.org/10.1038/nature10196}
}


@book{compnano_varga,
  title={{Computational Nanoscience}},
  author={Varga,Kalman and Driscoll, J. A.},
  year={2011},
  publisher={Cambridge University Press, England}
}


@article{PhysRevA.95.013414,
  title = {Simulation of electron dynamics subject to intense laser fields using a time-dependent Volkov basis},
  author = {Covington, Cody and Kidd, Daniel and Gilmer, Justin and Varga, K\'alm\'an},
  journal = {Phys. Rev. A},
  volume = {95},
  issue = {1},
  pages = {013414},
  numpages = {12},
  year = {2017},
  month = {Jan},
  publisher = {American Physical Society},
  doi = {10.1103/PhysRevA.95.013414},
  url = {https://link.aps.org/doi/10.1103/PhysRevA.95.013414}
}




%Time-Resolved Imaging of Negative Differential Resistance on the Atomic Scale (PRL 2016, Rashidi Wolkow)

















